<record xmlns="http://www.loc.gov/MARC21/slim" xmlns:xsi="http://www.w3.org/2001/XMLSchema-instance" xsi:schemaLocation="http://www.loc.gov/MARC21/slim http://www.loc.gov/standards/marcxml/schema/MARC21slim.xsd">

  <leader>00526nam a2200145Ia 4500</leader>
  <datafield ind1=" " tag="999" ind2=" ">
    <subfield code="c">1734</subfield>
    <subfield code="d">1734</subfield>
  </datafield>
  <controlfield tag="008">180418b1997    cr ||||| |||| 00| | spa d</controlfield>
  <datafield ind1=" " ind2=" " tag="090">
    <subfield code="a">06.03.06   </subfield>
    <subfield code="b">343</subfield>
  </datafield>
  <datafield tag="110" ind2=" " ind1=" ">
    <subfield code="a">Costa Rica. Ministerio de Educación Pública</subfield>
    <subfield code="9">545</subfield>
  </datafield>
  <datafield ind1="1" tag="245" ind2="0">
    <subfield code="a">Programa de estudios : ciclo de transición educación preescolar / </subfield>
    <subfield code="c">Ministerio de Educación Pública</subfield>
  </datafield>
  <datafield ind1=" " ind2=" " tag="260">
    <subfield code="a">San José, Costa Rica : </subfield>
    <subfield code="b">El Ministerio, </subfield>
    <subfield code="c">1997</subfield>
  </datafield>
  <datafield ind1=" " tag="300" ind2=" ">
    <subfield code="a">57 páginas</subfield>
  </datafield>
  <datafield ind1="1" ind2="4" tag="650">
    <subfield code="a">EDUCACIÓN PREESCOLAR</subfield>
    <subfield code="9">455</subfield>
  </datafield>
  <datafield ind1="1" tag="650" ind2="4">
    <subfield code="a">PROGRAMA DE ESTUDIOS</subfield>
    <subfield code="9">1364</subfield>
  </datafield>
  <datafield ind2=" " tag="942" ind1=" ">
    <subfield code="2">z</subfield>
    <subfield code="c">01</subfield>
  </datafield>
</record>